@book{itca,
	author = "B V Shabat",
	title = "Introduction to Complex Analysis. Part II. Functions of Several Variables",
	series="Translations of Mathematical Monographs, 110",
	year = "1992",
	publisher = "American Mathematical Society",
	address = "Providence",
	note = {\href{http://www.ams.org/mathscinet-getitem?mr=1192135}{MR1192135}(93g:32001). \href{http://zbmath.org/?q=an:0799.32001}{Zbl 0799.32001}.}
}
@book{itsmNO,
	author = "John M. Lee",
	title = "Introduction to Smooth Manifolds",
	year = "2003",
	publisher = "Springer-Verlag",
	address = "New York",
	note = {\href{http://www.ams.org/mathscinet-getitem?mr=XXX}{MRXXX}(YYY). \href{http://zbmath.org/?q=an:1030.53001}{Zbl 1030.53001}.}
}
@book{vlad,
	author = "V S Vladimirov",
	title = "Methods of the Theory of Functions of Many Complex Variables",
	year = "1966",
	publisher = "The M.I.T. Press",
	address = "Cambridge-London",
	note = {\href{http://www.ams.org/mathscinet-getitem?mr=201669}{MR201669}(34 \#1551).  \href{http://zbmath.org/?q=an:0125.31904}{Zbl 0125.31904}.}
}
@article{hormander,
   author = {H\"ormander, Lars},
   title = "${L}^2$ estimates and existence theorems for the $\overline\partial$ operator",
   journal = {Acta Mathematica},
   publisher = {Springer Netherlands},
   pages = {89-152},
   volume = {113},
   year = {1965},
  note = {\href{http://www.ams.org/mathscinet-getitem?mr=179443}{MR179443}(31 \#3691). \href{http://zbmath.org/?q=an:0158.11002}{Zbl 0158.11002}.}
}
@article{martinelli,
	author="Martinelli, Enzo",
	title="{Alcuni teoremi integrali per le funzioni analitiche di piu variabili
    complesse.}",
	journal="Memorie della Reale Accademia d'Italia, Classe di Scienze Fisiche, Matematiche e Naturali, 7. Serie",
	volume="9",
	pages="269-283",
	year="1938",
	note = {\href{http://zbmath.org/?q=an:0022.24002}{Zbl 0022.24002}.}
}
@article{bochner,
     title = {Analytic and Meromorphic Continuation by Means of {G}reen's Formula},
     author = {Bochner, S.},
     journal = {Annals of Mathematics},
     volume = {44},
     number = {4},
     series = {Second Series},
     pages = {652-673},
     year = {1943},
     publisher = {Annals of Mathematics},
	note = {\href{http://www.ams.org/mathscinet-getitem?mr=9206}{MR9206}(5,116f). \href{http://zbmath.org/?q=an:0060.24206}{Zbl 0060.24206}.}
}
@article{lerayNO,
	author="Leray, Jean",
	title="{Le calcul diff\'erentiel et int\'egral sur une vari\'et\'e analytique
    complexe. (Probl\`eme de {C}auchy. III.).}",
	journal="Bull. Soc. Math. Fr. ",
	volume="87",
	pages="81-180",
	year="1959"
}
@incollection{henkinbook,
year={1990},
booktitle={Introduction to Complex Analysis},
volume={7},
series={Encyclopaedia of Mathematical Sciences},
title={The Method of Integral Representations in Complex Analysis},
publisher={Springer-Verlag},
address={Berlin},
author={Henkin, G.M.},
pages={19-116},
	note = {\href{http://www.ams.org/mathscinet-getitem?mr=850491}{MR850491}(87j:32012). \href{http://zbmath.org/?q=an:0781.32007}{Zbl 0781.32007}.}
}
@article{khenkinNO,
  author={G. M. Henkin},
  title={INTEGRAL REPRESENTATIONS OF FUNCTIONS HOLOMORPHIC IN STRICTLY PSEUDO-CONVEX DOMAINS AND SOME APPLICATIONS},
  journal={Mathematics of the USSR-Sbornik},
  volume={7},
  number={4},
  pages={597},
  year={1969}
}
@book{henlei,
  title={Theory of Functions on Complex Manifolds},
  author={Henkin, G. and Leiterer, J.},
  series={Monographs in Mathematics},
  year={1984},
  publisher={Birkh{\"a}user Verlag},
address={Basel},
	note = {\href{http://www.ams.org/mathscinet-getitem?mr=795028}{MR795028}(86i:32004). \href{http://zbmath.org/?q=an:0573.32001}{Zbl 0573.32001}.} 
}
@article{levi,
   author = {Levi, Eugenio},
   title = {Studii sui punti singolari essenziali delle funzioni analitiche di due o pi\`u variabili complesse},
   journal = {Annali di Matematica Pura ed Applicata},
   publisher = {Springer Berlin / Heidelberg},
   pages = {61-87},
   volume = {17},
   year = {1910},
	note = {\href{http://zbmath.org/?q=an:41.0487.01}{JFM 41.0487.01}.}
}
@article{levi11,
	year={1911},
	journal={Annali di Matematica Pura ed Applicata},
	volume={18},
	title={Sulle ipersuperficie dello spazio a 4 dimensioni che possono essere frontiera del campo di esistenza di una funzione analitica di due variabili complesse},
	publisher={Springer-Verlag},
	author={Levi, Eugenio},
	pages={69-79},
	note = {\href{http://zbmath.org/?q=an:42.0449.02}{JFM 42.0449.02}.}
}

@article{bremermann,
   author = {Bremermann, Hans J.},
   title = {{\"U}ber die \"{A}quivalenz der pseudokonvexen {G}ebiete und der {H}olomorphiegebiete im {R}aum von $n$ komplexen {V}er\"anderlichen},
   journal = {Mathematische Annalen},
   publisher = {Springer Berlin / Heidelberg},
   pages = {63-91},
   volume = {128},
   year = {1954},
	note = {\href{http://www.ams.org/mathscinet-getitem?mr=71088}{MR71088}(17,82a). \href{http://zbmath.org/?q=an:0056.07801}{Zbl 0056.07801}.}
}
@article{lelong,
  title={Les fonctions plurisousharmoniques},
  author={Lelong, Pierre},
  journal={Annales scientifiques de l'{\'E}cole Normale Sup{\'e}rieure},
  volume={62},
  pages={301--338},
  year={1945},
  organization={Soci{\'e}t{\'e} math{\'e}matique de France},
	note = {\href{http://www.ams.org/mathscinet-getitem?mr=18304}{MR18304}(8,271f). \href{http://zbmath.org/?q=an:0061.23205}{Zbl 0061.23205}.}
}
@article{norguet,
	author="Norguet, Fran\c{c}ois",
	title="{Sur les domaines d'holomorphie des fonctions uniformes de plusieurs
    	variables complexes. (Passage du local au global.).}",
	journal="Bulletin de la Soci\'et\'e Math\'ematique de France",
	volume="82",
	pages="137-159",
	year="1954",
	note = {\href{http://www.ams.org/mathscinet-getitem?mr=71087}{MR71087}(17,81c). \href{http://zbmath.org/?q=an:0056.07701}{Zbl 0056.07701}.}
}
@article{oka,
  title={Sur les fonctions analytiques de plusieurs variables. {IX}. {D}omaines finis sans point critique int{\'e}rieur},
  author={Oka, Kiyoshi},
  journal={Japanese Journal of Mathematics},
  volume={23},
  pages={97--155},
  year={1953},
	note = {\href{http://www.ams.org/mathscinet-getitem?mr=71089}{MR71089}(17,82b). \href{http://zbmath.org/?q=an:0053.24302}{Zbl 0053.24302}.}
}
@article{oka2NO,
	author={Oka, Kiyoshi},
	title={Domaines d'holomorphie},
	journal="J. Sci. Hiroshima Univ",
	volume="7",
	pages={115-130},
	year="1937"
}
@article{oka42,
  title={Sur les fonctions analytiques de plusieurs variables. {VI}. {D}omaines pseudoconvexes},
  author={Oka, Kiyosi},
  journal={T\^ohoku Mathematical Journal},
  volume={49},
  pages={15--52},
  year={1942},
	note = {\href{http://www.ams.org/mathscinet-getitem?mr=14470}{MR14470}(7,290a). \href{http://zbmath.org/?q=an:0060.24006}{Zbl 0060.24006}.}
}
@misc{boas,
  Author = {Boas, Harold},
  Institution = {Texas A\&M University},
  Title = {Lecture notes on several complex variables},
  url = {},
  note = {\url{http://www.math.tamu.edu/~boas/courses/650-2007c/notes.pdf}, accessed August 2012}
}
@book{range,
  title={Holomorphic Functions and Integral Representations in Several Complex Variables},
  author={Range, R. M.},
  series={Graduate Texts in Mathematics},
  year={1986},
  publisher={Springer},
	address={New York},
	note = {\href{http://www.ams.org/mathscinet-getitem?mr=847923}{MR847923}(87i:32001). \href{http://zbmath.org/?q=an:0591.32002}{Zbl 0591.32002}.}
}
@article{morse,
     title = {The Behavior of a Function on Its Critical Set},
     author = {Morse, Anthony P.},
     journal = {Annals of Mathematics},
     volume = {40},
     number = {2},
     series = {Second Series},
     pages = {62-70},
     year = {1939},
     publisher = {Annals of Mathematics},
	note = {\href{http://www.ams.org/mathscinet-getitem?mr=1503449}{MR1503449}. \href{http://zbmath.org/?q=an:0020.01205}{Zbl 0020.01205}.}
}
@article{hartogs1906,
author="Hartogs, Fr.",
title="{{E}inige {F}olgerungen aus der {C}auchyschen {I}ntegralformel bei
    {F}unktionen mehrerer {V}er\"anderlichen.}",
year="1906",
journal = {{S}itzungsberichte der {K}\"oniglich {B}ayerischen {A}kademie der {W}issenschaften zu {M}\"unchen, Mathematisch-Physikalische Klasse},
volume = {36},
pages={223-242},
	note = {\href{http://zbmath.org/?q=an:37.0443.01}{JFM 37.0443.01}.}
}
@article{cousinNO,
   author = {Cousin, Pierre},
   title = {Sur les fonctions de $n$ variables complexes},
   journal = {Acta Mathematica},
   publisher = {Springer Netherlands},
   pages = {1-61},
   volume = {19},
   year = {1895}
}
@article{steinNO,
   author = {Stein, Karl},
   title = {{A}nalytische {F}unktionen mehrerer komplexer {V}er\"anderlichen zu vorgegebenen {P}eriodizit\"atsmoduln und das zweite {C}ousinsche {P}roblem},
   journal = {Mathematische Annalen},
   publisher = {Springer Berlin / Heidelberg},
   pages = {201-222},
   volume = {123},
   year = {1951}
}
@article{serreNO,
author={Serre, Jean-Pierre},
title={G\'eom\'etrie alg\'ebrique et g\'eom\'etrie analytique.},
year={1956},
journal = {Annales de l'institut Fourier}
}
@incollection{cartanNO,
author={Cartan, Henri},
title={Vari\'et\'es analytiques complexes et cohomologie.},
booktitle={colloque sur les fonctions des plusieurs},
year={1953},
publisher={Centre Belge Rech. math.}
}
@article{cartanthullen,
   author = {Cartan, Henri and Thullen, Peter},
   title = {Zur {T}heorie der {S}ingularit\"aten der {F}unktionen mehrerer komplexen {V}er\"anderlichen},
   journal = {Mathematische Annalen},
   publisher = {Springer Berlin / Heidelberg},
   pages = {617-647},
   volume = {106},
   year = {1932},
	note = {\href{http://www.ams.org/mathscinet-getitem?mr=1512777}{MR1512777}. \href{http://zbmath.org/?q=an:0004.35704}{Zbl 0004.35704}.}
}
@article{rangepaperNO,
	author = {Range, R. Michael},
	title = {An elementary integral solution operator for the {C}auchy-{R}iemann equations on pseudoconvex domains in {$\mathbb C^n$}},
	journal = {Trans. Amer. Math. Soc.},
	publisher = {American Mathematical Society},
	pages = {809-816},
	volume = {274},
	number = {2},
	year = {1982}
}
@article{behnkestein1939NO,
   author = {Behnke, H. and Stein, K.},
   title = {{K}onvergente {F}olgen von {R}egularit\"atsbereichen und die {M}eromorphiekonvexit\"at},
   journal = {Mathematische Annalen},
   publisher = {Springer Berlin / Heidelberg},
   pages = {204-216},
   volume = {116},
   year = {1939}
}
@article{behnkestein,
   author = {Behnke, H. and Stein, K.},
   title = {Konvergente {F}olgen nichtschlichter {R}egularit\"atsbereiche},
   journal = {Annali di Matematica Pura ed Applicata},
   publisher = {Springer Berlin / Heidelberg},
   pages = {317-326},
   volume = {28},
	number = {1},
   year = {1949},
	note = {\href{http://www.ams.org/mathscinet-getitem?mr=35338}{MR35338}(11,719c). \href{http://zbmath.org/?q=an:0038.05402}{Zbl 0038.05402}.}
}
@book{krantz,
  title={Function Theory of Several Complex Variables} ,
  author={Krantz, S.G.},
  series={Reprint of the 1992 edition},
  year={2001},
  publisher={AMS Chelsea Publishing},
address={Providence},
	note = {\href{http://www.ams.org/mathscinet-getitem?mr=1846625}{MR1846625}(2002e:32001). \href{http://zbmath.org/?q=an:1087.32001}{Zbl 1087.32001}.}
}
@book{bers,
  title={Introduction to Several Complex Variables: Lectures Delivered at the Courant Institute of Mathematical Sciences, New York University, 1962-1963},
  author={Bers, L.},
  year={1964},
  publisher={Courant Institute of Mathematical Sciences, New York University}
}
@article{grauert58,
     title = {On {L}evi's Problem and the Imbedding of Real-Analytic Manifolds},
     author = {Grauert, Hans},
     journal = {Annals of Mathematics},
     volume = {68},
     number = {2},
     series = {Second Series},
     pages = {460-472},
     year = {1958},
     publisher = {Annals of Mathematics},
	note = {\href{http://www.ams.org/mathscinet-getitem?mr=0098847}{MR0098847}(20 \#5299). \href{http://zbmath.org/?q=an:0108.07804}{Zbl 0108.07804}.}
}
@book{gunning,
  title={Analytic Functions of Several Complex Variables},
	series={Reprint of the 1965 original},
  author={Gunning, R.C. and Rossi, H.},
  year={2009},
  publisher={AMS Chelsea Publishing},
 address={Providence},
	note = {\href{http://www.ams.org/mathscinet-getitem?mr=180696}{MR180696}(31 \#4927). \href{http://zbmath.org/?q=an:1204.01045}{Zbl 1204.01045}.}
}
@article{narasimhan,
   author = {Narasimhan, Raghavan},
   title = {The {L}evi problem for complex spaces},
   journal = {Mathematische Annalen},
   publisher = {Springer Berlin / Heidelberg},
   pages = {355-365},
   volume = {142},
   year = {1961},
	note = {\href{http://www.ams.org/mathscinet-getitem?mr=148943}{MR148943}(26 \#6439). \href{http://zbmath.org/?q=an:0106.28603}{Zbl 0106.28603}.}
}
@article{siu,
	author = {Siu, Yum-Tong},
	title = {Pseudoconvexity and the problem of {L}evi},
	journal = {Bulletin of the American Mathematical Society},
	pages = {481-512},
	volume = {84},
	number = {4},
	year = {1978},
	note = {\href{http://www.ams.org/mathscinet-getitem?mr=477104}{MR477104}(57 \#16648). \href{http://zbmath.org/?q=an:0423.32008}{Zbl 0423.32008}.}
}
@article{weilNO,
   author = {Weil, Andr\'e},
   title = {L'int\'egrale de {C}auchy et les fonctions de plusieurs variables},
   journal = {Mathematische Annalen},
   publisher = {Springer Berlin / Heidelberg},
   pages = {178-182},
   volume = {111},
   year = {1935}
}
@book{meiseNO,
  title={Introduction to Functional Analysis},
  author={Meise, R. and Vogt, D. and Ramanujan, S.},
  series={Oxford Graduate Texts in Mathematics},
  year={1997},
  publisher={Oxford University Press, USA}
} 
@book{fritNO,
  title={From Holomorphic Functions to Complex Manifolds},
  author={Fritzsche, K. and Grauert, H.},
  series={Graduate Texts in Mathematics},
  year={2002},
  publisher={Springer}
}
@book{hormanderbook,
  title={An Introduction to Complex Analysis in Several Variables},
  author={H{\"o}rmander, L.},
  series={North-Holland Mathematical Library, 7},
  year={1990},
  publisher={North-Holland Publishing Co.},
address={Amsterdam},
	note = {\href{http://www.ams.org/mathscinet-getitem?mr=1045639}{MR1045639}(91a:32001). \href{http://zbmath.org/?q=an:0685.32001}{Zbl 0685.32001}.}
}
