@article{Cousin_1895,
  author = {Cousin, Pierre},
  title = {Sur les fonctions de $n$ variables complexes},
  journal = {Acta Mathematica},
  publisher = {Springer Netherlands},
  pages = {1-61},
  volume = {19},
  year = {1895},
}

@article{Hartogs_1906,
  author = "Hartogs, Fr.",
  title = "{{E}inige {F}olgerungen aus der {C}auchyschen {I}ntegralformel bei {F}unktionen mehrerer {V}er\"anderlichen.}",
  year = "1906",
  journal = {{S}itzungsberichte der {K}\"oniglich {B}ayerischen {A}kademie der {W}issenschaften zu {M}\"unchen, Mathematisch-Physikalische Klasse},
  volume = {36},
  pages = {223-242}
}

@article{Levi_1910,
  author = {Levi, Eugenio},
  title = {Studii sui punti singolari essenziali delle funzioni analitiche di due o pi\`u variabili complesse},
  journal = {Annali di Matematica Pura ed Applicata},
  publisher = {Springer Berlin / Heidelberg},
  pages = {61-87},
  volume = {17},
  year = {1910}
}

@article{Levi_1911,
  year = {1911},
  journal = {Annali di Matematica Pura ed Applicata},
  volume = {18},
  title = {Sulle ipersuperficie dello spazio a 4 dimensioni che possono essere frontiera del campo di esistenza di una funzione analitica di due variabili complesse},
  publisher = {Springer-Verlag},
  author = {Levi, Eugenio},
  pages = {69-79},
}

@article{Cartan_Thullen_1932,
  author = {Cartan, Henri and Thullen, Peter},
  title = {Zur {T}heorie der {S}ingularit\"aten der {F}unktionen mehrerer komplexen {V}er\"anderlichen},
  journal = {Mathematische Annalen},
  publisher = {Springer Berlin / Heidelberg},
  pages = {617-647},
  volume = {106},
  year = {1932}
}

@article{Weil_1935,
  author = {Weil, Andr\'e},
  title = {L'int\'egrale de {C}auchy et les fonctions de plusieurs variables},
  journal = {Mathematische Annalen},
  publisher = {Springer Berlin / Heidelberg},
  pages = {178-182},
  volume = {111},
  year = {1935}
}

@article{Oka_1937,
  author = {Oka, Kiyoshi},
  title = {Domaines d'holomorphie},
  journal = "J. Sci. Hiroshima Univ",
  volume = "7",
  pages = {115-130},
  year = "1937",
}

@article{Martinelli_1938,
  author = "Martinelli, Enzo",
  title = "{Alcuni teoremi integrali per le funzioni analitiche di piu variabili complesse.}",
  journal = "Memorie della Reale Accademia d'Italia, Classe di Scienze Fisiche, Matematiche e Naturali, 7. Serie",
  volume = "9",
  pages = "269-283",
  year = "1938",
}

@article{Behnke_Stein_1939,
  author = {Behnke, H. and Stein, K.},
  title = {{K}onvergente {F}olgen von {R}egularit\"atsbereichen und die {M}eromorphiekonvexit\"at},
  journal = {Mathematische Annalen},
  publisher = {Springer Berlin / Heidelberg},
  pages = {204-216},
  volume = {116},
  year = {1939}
}

@article{Morse_1939,
  title = {The Behavior of a Function on Its Critical Set},
  author = {Morse, Anthony P.},
  journal = {Annals of Mathematics},
  volume = {40},
  number = {1},
  series = {Second Series},
  pages = {62-70},
  year = {1939},
  publisher = {Annals of Mathematics},
}

@article{Oka_1942,
  title = {Sur les fonctions analytiques de plusieurs variables. {VI}. {D}omaines pseudoconvexes},
  author = {Oka, Kiyosi},
  journal = {T\^ohoku Mathematical Journal},
  volume = {49},
  pages = {15--52},
  year = {1942}
}

@article{Bochner_1943,
  title = {Analytic and Meromorphic Continuation by Means of {G}reen's Formula},
  author = {Bochner, S.},
  journal = {Annals of Mathematics},
  volume = {44},
  number = {4},
  series = {Second Series},
  pages = {652-673},
  year = {1943},
  publisher = {Annals of Mathematics},
}

@article{Lelong_1945,
  title = {Les fonctions plurisousharmoniques},
  author = {Lelong, Pierre},
  journal = {Annales scientifiques de l'{\'E}cole Normale Sup{\'e}rieure},
  volume = {62},
  pages = {301--338},
  year = {1945},
  organization = {Soci{\'e}t{\'e} math{\'e}matique de France}
}

@article{Behnke_Stein_1949,
  author = {Behnke, H. and Stein, K.},
  title = {Konvergente {F}olgen nichtschlichter {R}egularit\"atsbereiche},
  journal = {Annali di Matematica Pura ed Applicata},
  publisher = {Springer Berlin / Heidelberg},
  pages = {317-326},
  volume = {28},
  year = {1949}
}

@article{Stein_1951,
  author = {Stein, Karl},
  title = {{A}nalytische {F}unktionen mehrerer komplexer {V}er\"anderlichen zu vorgegebenen {P}eriodizit\"atsmoduln und das zweite {C}ousinsche {P}roblem},
  journal = {Mathematische Annalen},
  publisher = {Springer Berlin / Heidelberg},
  pages = {201-222},
  volume = {123},
  year = {1951}
}

@incollection{Cartan_1953,
  author = {Cartan, Henri},
  title = {Vari\'et\'es analytiques complexes et cohomologie.},
  booktitle = {colloque sur les fonctions des plusieurs},
  year = {1953},
  publisher = {Centre Belge Rech. math.}
}

@article{Oka_1953,
  title = {Sur les fonctions analytiques de plusieurs variables. {IX}. {D}omaines finis sans point critique int{\'e}rieur},
  author = {Oka, Kiyoshi},
  journal = {Japanese Journal of Mathematics},
  volume = {23},
  pages = {97--155},
  year = {1953}
}

@article{Bremermann_1954,
  author = {Bremermann, Hans J.},
  title = {{\"U}ber die \"{A}quivalenz der pseudokonvexen {G}ebiete und der {H}olomorphiegebiete im {R}aum von $n$ komplexen {V}er\"anderlichen},
  journal = {Mathematische Annalen},
  publisher = {Springer Berlin / Heidelberg},
  pages = {63-91},
  volume = {128},
  year = {1954}
}

@article{Norguet_1954,
  author = "Norguet, Fran\c{c}ois",
  title = "{Sur les domaines d'holomorphie des fonctions uniformes de plusieurs variables complexes. (Passage du local au global.).}",
  journal = "Bulletin de la Soci\'et\'e Math\'ematique de France",
  volume = "82",
  pages = "137-159",
  year = "1954",
}

@article{Serre_1956,
  author = {Serre, Jean-Pierre},
  title = {G\'eom\'etrie alg\'ebrique et g\'eom\'etrie analytique.},
  year = {1956},
  journal = {Annales de l'institut Fourier}
}

@article{Grauert_1958,
  title = {On {L}evi's Problem and the Imbedding of Real-Analytic Manifolds},
  author = {Grauert, Hans},
  journal = {Annals of Mathematics},
  volume = {68},
  number = {2},
  series = {Second Series},
  pages = {460-472},
  year = {1958},
  publisher = {Annals of Mathematics},
}

@article{Leray_1959,
  author = "Leray, Jean",
  title = "{Le calcul diff\'erentiel et int\'egral sur une vari\'et\'e analytique complexe. (Probl\`eme de {C}auchy. III.).}",
  journal = "Bull. Soc. Math. Fr. ",
  volume = "87",
  pages = "81-180",
  year = "1959",
}

@article{Narasimhan_1961,
  author = {Narasimhan, Raghavan},
  title = {The {L}evi problem for complex spaces},
  journal = {Mathematische Annalen},
  publisher = {Springer Berlin / Heidelberg},
  pages = {355-365},
  volume = {142},
  year = {1961}
}

@book{Bers_1964,
  title = {Introduction to Several Complex Variables: Lectures Delivered at the Courant Institute of Mathematical Sciences, New York University, 1962-1963},
  author = {Bers, L.},
  year = {1964},
  publisher = {Courant Institute of Mathematical Sciences, New York University}
}

@article{Hormander_1965,
  author = {H\"ormander, Lars},
  title = "${L}^2$ estimates and existence theorems for the $\overline\partial$ operator",
  journal = {Acta Mathematica},
  publisher = {Springer Netherlands},
  pages = {89-152},
  volume = {113},
  year = {1965}
}

@book{Vladimirov_1966,
  author = "V S Vladimirov",
  title = "Methods of the Theory of Functions of Many Complex Variables",
  year = "1966",
  publisher = "The M.I.T. Press",
  address = "Cambridge-London"
}

@article{Henkin_1969,
  author = {G. M. Henkin},
  title = {INTEGRAL REPRESENTATIONS OF FUNCTIONS HOLOMORPHIC IN STRICTLY PSEUDO-CONVEX DOMAINS AND SOME APPLICATIONS},
  journal = {Mathematics of the USSR-Sbornik},
  volume = {7},
  number = {4},
  pages = {597},
  year = {1969},
}

@article{Siu_1978,
  author = {Siu, Yum-Tong},
  title = {Pseudoconvexity and the problem of {L}evi},
  journal = {Bulletin of the American Mathematical Society},
  pages = {481-512},
  volume = {84},
  number = {4},
  year = {1978}
}

@article{Range_1982,
  author = {Range, R. Michael},
  title = {An elementary integral solution operator for the {C}auchy-{R}iemann equations on pseudoconvex domains in {$\mathbb C^n$}},
  journal = {Trans. Amer. Math. Soc.},
  publisher = {American Mathematical Society},
  pages = {809-816},
  volume = {274},
  number = {2},
  year = {1982}
}

@book{Henkin_Leiterer_1984,
  title = {Theory of Functions on Complex Manifolds},
  author = {Henkin, G. and Leiterer, J.},
  series = {Monographs in Mathematics},
  year = {1984},
  publisher = {Birkh{\"a}user Verlag},
  address = {Basel} 
}

@book{Range_1986,
  title = {Holomorphic Functions and Integral Representations in Several Complex Variables},
  author = {Range, R. M.},
  series = {Graduate Texts in Mathematics},
  year = {1986},
  publisher = {Springer},
  address = {New York}
}

@incollection{Henkin_1990,
  year = {1990},
  booktitle = {Introduction to Complex Analysis},
  volume = {7},
  series = {Encyclopaedia of Mathematical Sciences},
  title = {The Method of Integral Representations in Complex Analysis},
  publisher = {Springer-Verlag},
  address = {Berlin},
  author = {Henkin, G.M.},
  pages = {19-116},
}

@book{Hormander_1990,
  title = {An Introduction to Complex Analysis in Several Variables},
  author = {H{\"o}rmander, L.},
  series = {North-Holland Mathematical Library, 7},
  year = {1990},
  publisher = {North-Holland Publishing Co.},
  address = {Amsterdam}
}

@book{Shabat_1992,
  author = "B V Shabat",
  title = "Introduction to Complex Analysis. Part II. Functions of Several Variables",
  series = "Translations of Mathematical Monographs, 110",
  year = "1992",
  publisher = "American Mathematical Society",
  address = "Providence"
}

@book{Meise_1997,
  title = {Introduction to Functional Analysis},
  author = {Meise, R. and Vogt, D. and Ramanujan, S.},
  series = {Oxford Graduate Texts in Mathematics},
  year = {1997},
  publisher = {Oxford University Press, USA}
} 

@book{Krantz_2001,
  title = {Function Theory of Several Complex Variables} ,
  author = {Krantz, S.G.},
  series = {Reprint of the 1992 edition},
  year = {2001},
  publisher = {AMS Chelsea Publishing},
  address = {Providence}
}

@book{Fritzsche_2002,
  title = {From Holomorphic Functions to Complex Manifolds},
  author = {Fritzsche, K. and Grauert, H.},
  series = {Graduate Texts in Mathematics},
  year = {2002},
  publisher = {Springer}
}

@book{Lee_2003,
  author = "John M. Lee",
  title = "Introduction to Smooth Manifolds",
  year = "2003",
  publisher = "Springer-Verlag",
  address = "New York"
}

@book{Gunning_2009,
  title = {Analytic Functions of Several Complex Variables},
  series = {Reprint of the 1965 original},
  author = {Gunning, R.C. and Rossi, H.},
  year = {2009},
  publisher = {AMS Chelsea Publishing},
  address = {Providence}
}

@misc{Boas_2012,
  Author = {Boas, Harold},
  Institution = {Texas A\&M University},
  Title = {Lecture notes on several complex variables},
  note = {\url{http://www.math.tamu.edu/~boas/courses/650-2007c/notes.pdf}, accessed August 2012}
}
